@misc{sqlwikipedia,
    author    = "Wikipedia",
    title     = "SQL",
    note      = "\lastseen{18-03-2014}",
    howpublished={\url{http://en.wikipedia.org/wiki/SQL\#Queries}}
}



@misc{relationaldatabase,
    author    = "Teach ICT",
    title     = "Relational Database",
    note      = "\lastseen{18-03-2014}",
    howpublished={\url{http://www.teach-ict.com/gcse_new/databases/flatfile_relational/miniweb/pg2.htm}}
}

 Fra http://www.teach-ict.com/gcse\_new/databases/flatfile\_relational/miniweb/pg2.htm. Set 17-03-2014.

@Book{Frivillighed_nonprofit,
    author    = "Thomas P. Boje og Bjarne Ibsen",
    title     = "Frivillighed og nonprofit i Danmark",
    publisher = "BookPartnerMedia A/S",
    year      = "2006",
    isbn      = "87-7487-821-2",
}

@Book{Joel_ui_design,
    author = "Joel Spolsky",
    title = "User Interface Design For Programmers",
    publisher = "Apress",
    year = "2001",
    isbn = "1893115941",
}

@misc{analyse_danmark,
    author    = "Analyse Danmark",
    title     = "Dybdeinterview - personlige interview med din målgruppe",
    note      = "\lastseen{03-03-2014}",
    howpublished={\url{http://analysedanmark.dk/dybdeinterview-personlige-interview-med-din-m\%C3\%A5lgruppe}}
}

@misc{p1_projekt,
    author    = "Gruppe B2-24, efterår 2013, AAU",
    title     = "Automatisér dit hjem",
    note      = "\lastseen{03-03-2014}",
    howpublished={\url{http://projekter.aau.dk/projekter/da/studentthesis/automatiser-dit-hjem(cac8a360-de8c-457c-b04e-11c0e9a83df7).html}}
}

@misc{Antal_Frivillige,
    author    = "Frvillighed.dk",
    title     = "Antallet af organisationer i Danmark",
    note      = "\lastseen{11-03-2014}",
    howpublished={\url{http://www.frivillighed.dk/Webnodes/Antallet+af+organisationer+i+Danmark/16442}}
}

@misc{Frivillighed,
    author    = "Frvillighed.dk",
    title     = "Den frillige sektors historie",
    note      = "\lastseen{25-02-2014}",
    howpublished={\url{http://www.frivillighed.dk/Webnodes/da/Web/Public/Viden+\%26+information/Fakta+om+frivilligt+arbejde/Den+frivillige+sektors+historie}}
}

@misc{John_Trunktesting,
    author    = "John Rivoire",
    title     = "Trunk Testing",
    note      = "\lastseen{18-02-2014}",
    howpublished={\url{http://jrivoire.com/ED722/trunktest.html}}
}

@misc{Sejlsport_system,
    author    = "Dansk Sejlunion",
    title     = "Hjælp til klubadministration",
    note      = "\lastseen{19-02-2014}",
    howpublished={\url{http://www.sejlsport.dk/din-union/til-klubben/administration/hjaelp-til-klubadministration}}
}

@Book{WritingForInteraction,
    author    = "Linda Newman Lior",
    title = "Writing for Interaction - Crafting the Information Experience for Web and Software Apps",
    publisher = "Morgan Kaufmann",
    year      = "2013",
    isbn      = "978-0-12-394813-7",
}

@misc{DefinitionForening,
    author    = "Gyldendal",
    title     = "Definition af forening",
    note      = "\lastseen{24-02-2014}",
    howpublished={\url{http://www.denstoredanske.dk/Livsstil\%2c_sport_og_fritid/Foreninger/Almindelige_foreninger/forening}
}

@misc{ForeningLet,
    author    = "ForeningLet.dk",
    title     = "ForeningLet - Moderne medlemssystem",
    note      = "\lastseen{24-02-2014}",
    howpublished={\url{https://foreninglet.dk/dashboard}}
}

@Article{PapirErGodt,
    author        = "Jan M. Noyes og Kate J. Garland",
    title         = "Computer- vs. paper-based tasks: Are they equivalent?",
    note          = "\lastseen{24-02-2014}",
    howpublished  = {\url{http://www.twosides.info:8080/content/rsPDF_382.pdf},
}

@Book{BOOK_KVALE,
  author =       "Steinar Kvale",
  title =        "Interview - introduktion til et håndværk",
  publisher =    "Hans Reitzels Forlag",
  year =         "2009",
  isbn =         "9788741251981",
}

@Book{moscow_book,
  author        = "International Institute of Business Analysis",
  title         = "A Guide to the Business Analysis Body of Knowledge",
  publisher     = "IIBA",
  year          = "2009",
  isbn          = "978-0-9811292-1-1",
}

@Book{extreme_programming,
  author        = "chromatic", %Jep... Starter med lille bogstav!
  title         = "Extreme Programming Pocket Guide",
  publisher     = "O'REILLY",
  year          = "2003",
  isbn          = "0-596-00485-0",
}

@misc{HistoryOfVB,
    author      = "Max-Visual-Basic.com",
    title       = "History of Visual Basic",
    note        = "\lastseen{03-03-2014}",
    howpublished= {\url{http://www.max-visual-basic.com/history-of-visual-basic.html}}
}

@misc{empirisk_def,
    author      = "Informationsordbogen.dk",
    note        = "\lastseen{02-03-2014}",
    howpublished= {\url{http://www.informationsordbogen.dk/concept.php?cid=2679}}
}

@misc{database_hvad,
    author = "Digitalbevaring.dk",
    title = "Hvad er en database, og hvordan kan man bevare den?",
    howpublished = {\url{http://digitalbevaring.dk/databaser/}},
    note = "\lastseen{17-03-2014}"
}

@misc{mysql_goodpractice, 
    author = "MySQL",
    title  = "MySQL Administrator Best Practices (punkt 3)",
    howpublished = {\url{http://dev.mysql.com/tech-resources/articles/mysql-administrator-best-practices.html}},
    note   = "\lastseen{17-03-2014}"
}

@misc{mvvm_msdn, 
    author = "Smith, Josh",
    title  = "WPF Apps With The Model-View-ViewModel Design Pattern",
    howpublished = {\url{http://msdn.microsoft.com/en-us/magazine/dd419663.aspx}},
    note   = "\lastseen{24-03-2014}"
}

@Book{DesignUI,
  author =       "Linda Newman Lior",
  title =        "Writing for Interaction - Crafting the Information                            Experience for Web and Software Apps",
  publisher =    "Elsevier",
  year =         "2013",
  isbn =         "978-0-12-394813-7",
}

@Book{Anbefal_unittest,
    author = "Roy Osherove",
    title = "The Art of Unit Testing",
    publisher = "Manning",
    year = "2009",
    isbn = "1933988274",
}

@Book{skrifttype_design,
    author = "Mette \& Eric Mourier",
    title = "Bogdesign",
    publisher = "Grafisk Litteratur",
    isbn = "978-87-91171-37-6",
}

@Book{farve_design,
    author = "Peder Meyhoff",
    title = "Kommunikation/It C",
    publisher = "Systime A/S",
    isbn = "978-87-616-2810-7",
}

@misc{f_shaped_pattern,
    author = "Nielsen Norman Group",
    title = "F-Shaped Pattern For Reading Web Content",
    howpublished = {\url{http://www.nngroup.com/articles/f-shaped-pattern-reading-web-content}},
    note    = "\lastseen{23-03-2014}"
    }
    
@misc{eye_tracking_studios,
    author = "KISSmetrics",
    title = "7 Marketing Lessons from Eye-Tracking Studies",
    howpublished = {\url{http://blog.kissmetrics.com/eye-tracking-studies}},
    note    = "\lastseen{23-03-2014}"
    }
    
@misc{horizontal_attention_leans_left,
    author = "Nielsen Norman Group",
    title = "Horizontal Attention Leans Left",
    howpublished = {\url{http://www.nngroup.com/articles/horizontal-attention-leans-left}},
    note    = "\lastseen{23-03-2014}"
    }
    
@misc{StyleCop,
    author = "N/A",
    title = "StyleCop Documentation",
    howpublished = {\url{http://stylecop.codeplex.com/documentation}},
    note    = "\lastseen{24-04-2014}"
    }
    
@misc{Vandfaldsmetoden,
    author = "TutorialsPoint",
    title = "SDLC Waterfall Model", 
    howpublished = {\url{http://www.tutorialspoint.com/sdlc/sdlc_waterfall_model.htm}},
    note = "\lastseen{05-05-2014}"
}
    
@misc{design_farver,
    author = "Ann-Birthe Overholt Nicolaisen",
    title = "Farver - Billedguiden",
    howpublished = {\url{http://billedguiden.dk/?page_id=45}},
    note = "\lastseen{06-05-2014}"
}

@misc{design_hukommelsen,
    author = "Illustreret Videnskab, Gorm Palmgren",
    title = "Hvordan fungerer hukommelsen?",
    howpublished = {\url{http://illvid.dk/mennesket/hjernen/hvordan-fungerer-hukommelsen}},
    note = "\lastseen{06-05-2014}"
}

@misc{mvvm,
    author = "MSDN",
    title = "Implementing the MVVM Pattern Using the Prism Library 5.0 for WPF",
    howpublished = {\url{http://msdn.microsoft.com/en-us/library/gg405484(v=pandp.40).aspx}},
    note = "\lastseen{13-05-2014}"
}

@misc{callback,
    author = "MSDN",
    title = "Callback Functions",
    howpublished = {\url{http://msdn.microsoft.com/en-us/library/d186xcf0(v=vs.110).aspx}},
    note = "\lastseen{18-05-2014}"
}

@misc{hwinterrupt1,
    author = "RedHat Doc.",
    title = "Chapter 3. Hardware Interrupts",
    howpublished = {\url{https://access.redhat.com/site/documentation/en-US/Red_Hat_Enterprise_MRG/1.3/html/Realtime_Reference_Guide/chap-Realtime_Reference_Guide-Hardware_interrupts.html}},
    note = "\lastseen{18-05-2014}"
}

@misc{hwinterrupt2,
    author = "Angela Demke Brown",
    title = "Lecture 6: Interrupts",
    howpublished = {\url{http://www.cs.toronto.edu/~demke/469F.06/Lectures/Lecture6.pdf}},
    note = "\lastseen{18-05-2014}"
}

@misc{parallelism1,
    author = "Melonakos",
    title = "Data-parallelism vs Task-parallelism",
    howpublished = {\url{http://blog.accelereyes.com/blog/2009/01/22/data-parallelism-vs-task-parallelism/}},
    note = "\lastseen{18-05-2014}"
}

@misc{parallelism2,
    author = "Unknown",
    title = "Parallelism",
    howpublished = {\url{http://www3.ece.neu.edu/~dschaa/docs/parallelism.html}},
    note = "\lastseen{18-05-2014}"
}

@misc{annotations,
    author = "MSDN",
    title = "Code First Data Annotations",
    howpublished = {\url{http://msdn.microsoft.com/da-dk/data/jj591583}},
    note = "\lastseen{20-05-2014}"
}

@misc{fluentapi,
    author = "MSDN",
    title = "Configuring/Mapping Properties and Types with the Fluent API",
    howpublished = {\url{http://msdn.microsoft.com/da-dk/data/jj591617.aspx}},
    note = "\lastseen{20-05-2014}"
}

@misc{linqtoentities,
    author = "MSDN",
    title = "LINQ to Entities",
    howpublished = {\url{http://msdn.microsoft.com/en-us/library/vstudio/bb386964(v=vs.110).aspx}},
    note = "\lastseen{20-05-2014}"
}

@misc{linq,
    author = "MSDN",
    title = "LINQ (Language-Integrated Query)",
    howpublished = {\url{http://msdn.microsoft.com/en-us/library/bb397926.aspx}},
    note = "\lastseen{20-05-2014}"
}

@article{accuthreading,
    author = "Sergey Ignatchenko",
    title = "Single-Threading: Back to the Future?",
    journal = "Overload Journal",
    year = "2010",
    number = "97",
    month = "Juni",
    howpublished = {\url{http://accu.org/index.php/journals/1634}},
    note = "\lastseen{18-05-2014}"
}

% Kilde med sidst set
@misc{tester,
      author = "Fermentas Inc.",
      title = "Phage Lambda: description \& restriction map",
      month = "November",
      year = "2008",
      url = "http://www.fermentas.com/techinfo/nucleicacids/maplambda.htm",
      note = "\lastseen{02-03-2014}"
}